% This file was created with Citavi 6.7.0.0

@misc{ankidev,
 author = {ankitects},
 editor = {ankitects},
 year = {2021},
 title = {Anki Development},
 url = {https://github.com/ankitects/anki},
 address = {GitHub},
 urldate = {18.01.2021}
}


@misc{ankiwebseite,
 author = {Anki},
 title = {Anki Webseite},
 url = {https://apps.ankiweb.net/},
 urldate = {18.01.2020}
}


@misc{BartoszDregerPiotrWozniak.1998,
 author = {{Bartosz Dreger Piotr Wozniak}},
 editor = {SuperMemo},
 year = {1998},
 title = {Implementing the repetition spacing neural network},
 url = {https://www.supermemo.com/en/archives1990-2015/english/ol/nn_train},
 urldate = {17.01.2021}
}


@misc{brainyoo,
 author = {{Brainyoo Mobile Learning GmbH}},
 editor = {{Brainyoo Mobile Learning GmbH}},
 year = {2021},
 title = {BRAINYOO},
 url = {https://www.brainyoo.de/},
 urldate = {18.01.2021}
}


@misc{buffl,
 author = {{Brainfactory GmbH}},
 editor = {{Brainfactory GmbH}},
 year = {2021},
 title = {Buffl},
 url = {https://www.buffl.co},
 urldate = {18.01.2021}
}


@misc{kartenheld,
 author = {{Rico Gundermann}},
 editor = {{Kitestack Software}},
 year = {2021},
 title = {Kartenheld},
 url = {http://flashcardhero.com/kartenheld/},
 urldate = {18.01.2021}
}


@misc{kevdi,
 author = {KevDi},
 year = {2021},
 title = {Flashcards},
 url = {https://github.com/KevDi/Flashcards},
 address = {GitHub},
 urldate = {18.01.2021}
}


@misc{kicards,
 author = {{Kira Alberding}},
 editor = {{Kira Alberding}},
 year = {2021},
 title = {Kicards: webbasierte Karteikarten-Anwendung},
 url = {https://github.com/kalbe09/Kicards},
 address = {GitHub},
 urldate = {18.01.2021}
}


@misc{konzentrationsspanne,
 author = {{Norbert Sommer-Stumpenhors}},
 editor = {{Regionale Schulberatungsstelle - Kreis Warendorf}},
 title = {Konzentration lernen},
 url = {https://www.schulpsychologie.de/wws/bin/1302602-1303114-1-konzentration_ges.pdf},
 file = {dbf90d46-53f9-4bae-b174-1565c7f0d7d3:C\:\\Users\\Kira\\AppData\\Local\\Swiss Academic Software\\Citavi 6\\ProjectCache\\iiaosggyp5th36ow7sub7noddifdyufthvc1a\\Remote Attachments\\dbf90d46-53f9-4bae-b174-1565c7f0d7d3.pdf:pdf}
}


@misc{Liss.2020,
 author = {Liss},
 editor = {bestsellerz.de},
 year = {2020},
 title = {Ged{\"a}chtnis und Erinnerung: Die Vergessenskurve nach Ebbinghaus},
 url = {https://bestsellerz.de/blog/ged%C3%A4chtnis-und-erinnerung-die-vergessenskurve-nach-ebbinghaus},
 urldate = {17.01.2021}
}


@misc{phase6,
 author = {{phase-6 GmbH}},
 editor = {{phase-6 GmbH}},
 year = {2021},
 title = {Phase6},
 url = {https://www.phase-6.de/},
 urldate = {18.01.2021}
}


@misc{supermemo,
 author = {{Dr Piotr Wozniak}},
 editor = {SuperMemo},
 year = {2002},
 title = {Spaced repetition algorithm used in SuperMemo},
 url = {http://super-memory.com/english/algsm11.htm}
}


@misc{Webcampus.2016b,
 author = {Webcampus},
 editor = {Webcampus},
 year = {2016},
 title = {Mikrolernen mit {\textquotedbl}Lernhappen{\textquotedbl}},
 url = {https://www.webcampus.de/blog/47/mikrolernen-mit-lernhappen},
 urldate = {17.01.2021}
}


@misc{Webcampus.2017,
 author = {Webcampus},
 editor = {Webcampus},
 year = {2017},
 title = {Spaced Learning: mit intelligenter Lerntechnik besser erinnern},
 url = {https://www.webcampus.de/blog/123/spaced-learning-mit-intelligenter-lerntechnik-besser-erinnern},
 urldate = {17.01.2021}
}


@misc{Wikipedia.2020,
 author = {Wikipedia},
 editor = {Wikipedia},
 year = {2020},
 title = {Spaced repetition},
 url = {https://de.wikipedia.org/wiki/Spaced_repetition},
 urldate = {17.01.2021}
}


